<record><leader>00000cas a22000007a 4500</leader><controlfield tag="001">17359182</controlfield><controlfield tag="008">880119d19581959ohuwr ne      0    0eng d</controlfield><datafield ind1=" " ind2=" " tag="010"><subfield code="a">sn 88077075 </subfield></datafield><datafield ind1=" " ind2=" " tag="040"><subfield code="a">ONP</subfield><subfield code="b">eng</subfield><subfield code="c">ONP</subfield><subfield code="d">OCLCQ</subfield></datafield><datafield ind1=" " ind2=" " tag="042"><subfield code="a">msc</subfield></datafield><datafield ind1="0" ind2="0" tag="245"><subfield code="a">Mercer County chronicle-journal.</subfield></datafield><datafield ind1=" " ind2=" " tag="260"><subfield code="a">Coldwater, Ohio :</subfield><subfield code="b">Chronicle Print. Co.,</subfield><subfield code="c">1958-1959.</subfield></datafield><datafield ind1=" " ind2=" " tag="310"><subfield code="a">Weekly</subfield></datafield><datafield ind1="0" ind2=" " tag="362"><subfield code="a">Vol. 60,. no. 26 (Sept. 18, 1958)-v. 61, no. 10 (May 28, 1959).</subfield></datafield><datafield ind1=" " ind2=" " tag="752"><subfield code="a">United States</subfield><subfield code="b">Ohio</subfield><subfield code="c">Mercer</subfield><subfield code="d">Coldwater.</subfield></datafield><datafield ind1="0" ind2="4" tag="780"><subfield code="t">Mercer County chronicle (Coldwater, Ohio : 1937)</subfield></datafield><datafield ind1="0" ind2="4" tag="780"><subfield code="t">Journal (Fort Recovery, Ohio : 1950)</subfield><subfield code="w">(DLC)sn 88077074</subfield></datafield><datafield ind1="0" ind2="6" tag="785"><subfield code="t">Mercer County chronicle (Coldwater, Ohio : 1959)</subfield><subfield code="w">(DLC)sn 88077076</subfield></datafield><datafield ind1="0" ind2="6" tag="785"><subfield code="t">Journal (Fort Recovery, Ohio : 1959)</subfield><subfield code="w">(DLC)sn 88077077</subfield></datafield></record>